<?xml version="1.0" encoding="UTF-8"?><collection><record><leader>06445ntm a2200589 a 4500</leader><controlfield tag="001">006836750</controlfield><controlfield tag="003">MiAaHDL</controlfield><controlfield tag="005">20190719000000.0</controlfield><controlfield tag="006">m        d        </controlfield><controlfield tag="007">cr bn ---auaua</controlfield><controlfield tag="008">090708s16uu    xx            00| ||per d</controlfield><datafield tag="035" ind1=" " ind2=" "><subfield code="a">(MiU)006836750</subfield></datafield><datafield tag="035" ind1=" " ind2=" "><subfield code="a">sdr-miu006836750</subfield></datafield><datafield tag="040" ind1=" " ind2=" "><subfield code="a">MiU</subfield><subfield code="c">MiU</subfield><subfield code="e">amremm</subfield></datafield><datafield tag="043" ind1=" " ind2=" "><subfield code="a">n-us-mi</subfield></datafield><datafield tag="100" ind1="0" ind2=" "><subfield code="a">Mushfiqī.</subfield><subfield code="6">880-01</subfield></datafield><datafield tag="240" ind1="1" ind2="0"><subfield code="6">880-02</subfield><subfield code="a">Poems</subfield></datafield><datafield tag="245" ind1="1" ind2="0"><subfield code="6">880-03</subfield><subfield code="a">Dīvān-i Mushfiqī Bukhārī,</subfield><subfield code="f">[17th century?].</subfield></datafield><datafield tag="246" ind1="3" ind2="8"><subfield code="a">Diwan i Mushfiki i Bukhari</subfield></datafield><datafield tag="246" ind1="3" ind2=" "><subfield code="a">ديوان مشفقى بخارى</subfield></datafield><datafield tag="260" ind1=" " ind2=" "><subfield code="c">[16--?].</subfield></datafield><datafield tag="300" ind1=" " ind2=" "><subfield code="a">190 leaves :</subfield><subfield code="b">paper ;</subfield><subfield code="c">209 x 140 (154 x 87) mm. bound to 216 x 155 mm.</subfield></datafield><datafield tag="500" ind1=" " ind2=" "><subfield code="a">Shelfmark: Ann Arbor, University of Michigan, Special Collections Library, Isl. Ms. 869</subfield></datafield><datafield tag="500" ind1=" " ind2=" "><subfield code="a">Origin: Lacks dated colophon ; paper, decoration, etc. would suggest 17th century. Chronogram at close of dīvān on p.375 "اتمام يافت" may suggest date of composition of 973 [1565-6].</subfield></datafield><datafield tag="500" ind1=" " ind2=" "><subfield code="a">Accompanying materials: a. Slip with note "Persian MSS (Heyworth-Dunne?) Husselman notes" -- b. Slip with description (in hand of E. Husselman ?) "Mushfiqī, Bukhārī | Dīvān | BMC. Cat. Pers. MS. Suppl. has a Mushfiqī, Bagdadī in a Tazkirah of ancient &amp; modern Persian poets. No Bukhārī found. Apparently we do not have | 190 ff. 379 pp." -- c. Slip with note "counted for 1968/69 Annual Report" -- d. Tag with "#10"</subfield></datafield><datafield tag="500" ind1=" " ind2=" "><subfield code="a">Former shelfmark: Mich. Isl. Ms. temp. no. 18</subfield></datafield><datafield tag="500" ind1=" " ind2=" "><subfield code="a">Binding: Boards faced in blue-green cloth with dark green leather over spine (straight grain) and board corners (approaching half-binding) ; Western style-binding ; pastedowns and flyleaves in shell 'marbled' paper (mainly in brown, blue and pink) ; leather extending on upper and lower covers gold-stamped with toothed borders ; spine gold-stamped with decorative bands and title and author "DIWAN | I | MUSHFIKI | I | BUKHARI" ; sewn in white thread over three recessed cords (visible at spine) ; overall in somewhat poor condition with severe spine slant (cocked), spine leather detaching, abrasion, staining, etc.</subfield></datafield><datafield tag="500" ind1=" " ind2=" "><subfield code="a">Support: non-European (likely Indian or Persian) laid paper with roughly 6-7 laid lines per cm. (horizontal or vertical, indistinct, some curving) and no chain lines plainly visible, cloudy formation, thin and transluscent though sturdy, dark cream in color, well-burnished ; some pest damage, staining and tide lines ; extensive repairs.</subfield></datafield><datafield tag="500" ind1=" " ind2=" "><subfield code="a">Decoration: Elegant illuminated headpiece (ʻunwān / sarlawḥ) at opening on p.4 consisting of rectangular piece with empty gold cartouche flanked by floral motifs in red, yellow, green, etc. on grounds of blue and gold, surmounted by a set of scalloped domes (nearly evoking w-shaped piece) filled with swirling floral vegetal decoration in shades of pink, red, blue, orange, yellow, white, etc. on grounds of gold and blue, all set in a well of yellow, gold and orange bands with red accents and surmounted by vertical stalks (tīgh) in blue ; written area (and divisions within) surrounded by gold frame defined by black fillets with outermost blue rule ; occasional section headings rubricated (mainly toward the close of the codex).</subfield></datafield><datafield tag="500" ind1=" " ind2=" "><subfield code="a">Script: Nastaʻlīq ; elegant hand ; serifless with gentle effect of tilt to the right and of words descending to baseline, marked elongation and exaggerated thickness of horizontal strokes (contrasting with thin vertical strokes), pointing in distinct dots.</subfield></datafield><datafield tag="500" ind1=" " ind2=" "><subfield code="a">Layout: Written in 15 lines per page ; frame-ruled.</subfield></datafield><datafield tag="500" ind1=" " ind2=" "><subfield code="a">Collation: Heavily repaired with original gatherings difficult to discern though middle of the quire marks appear for some gatherings (black stroke in the lower outer corner of the right-hand leaf) ; chiefly quaternions ; catchwords only rarely visible (typically cut off) ; foliation in black ink, Hindu-Arabic numerals (center of upper margin of the recto of each leaf) ; pagination in heavy pencil, Western numerals (upper outer corner of the verso of every other leaf) ; pagination in pencil, Western numerals, supplied during digitization (includes inner flyleaves and skips two pages between pp.5-6).</subfield></datafield><datafield tag="500" ind1=" " ind2=" "><subfield code="a">Explicit: "که با شد بآ کاهی انجام من"</subfield></datafield><datafield tag="500" ind1=" " ind2=" "><subfield code="a">Incipit: "این نامه که روی در سیاهی دارد بیهوده خلل نامتناهی دارد ... نموده می شود که راقم این سواد مشفقی المروی ..."</subfield></datafield><datafield tag="500" ind1=" " ind2=" "><subfield code="a">Title from inscription on 'title page' (p.3).</subfield></datafield><datafield tag="500" ind1=" " ind2=" "><subfield code="a">Ms. codex.</subfield></datafield><datafield tag="510" ind1="4" ind2=" "><subfield code="a">Hitchins, Keith. " MUSHFIQI, ABDURAHMON (Mošfeqi, ʿAbd-al-Raḥmān), Tajik poet (1525-1588)," Encyclopaedia Iranica, Online Edition, 20 July 2004.</subfield></datafield><datafield tag="510" ind1="4" ind2=" "><subfield code="a">Rahman, Munibur. "Mushfiḳī." In EI2,</subfield><subfield code="c">vol. VII, p.676, col. 2</subfield></datafield><datafield tag="510" ind1="4" ind2=" "><subfield code="a">Rypka, J. History of Iranian Literature (Dordrecht, 1968),</subfield><subfield code="c">pp. 502-4.</subfield></datafield><datafield tag="520" ind1="8" ind2=" "><subfield code="a">Elegant copy of the Dīvān of the Tajik poet Mushfiqī (ʻAbd al-Raḥmān, d.1588) with qaṣāʼid, ghazalīyāt, muqaṭṭaʻāt, rubaʻīyāt, etc. as well as his brief mas̲navī Sāqī-nāmah (pp.375-381).</subfield></datafield><datafield tag="538" ind1=" " ind2=" "><subfield code="a">Mode of access: Internet.</subfield></datafield><datafield tag="541" ind1=" " ind2=" "><subfield code="c">Gift ;</subfield><subfield code="a">Acquired from Frank E. Nuttall (1875-1943).</subfield></datafield><datafield tag="546" ind1=" " ind2=" "><subfield code="a">Persian.</subfield></datafield><datafield tag="561" ind1=" " ind2=" "><subfield code="a">Spine title transcribed in pencil on verso of front flyleaf "DIWAN I MUSHFIKI I BUKHARI" ; possible former inventory numbers on spine "56" and "133," verso of front flyleaf "39" and "No 180", and inner front flyleaf (p.1) "L 39" ; collation statement with extent (number of leaves), etc. on repaired 'title page' (p.3) ; description with inventory number "۴۰۶", title, and date [chronogram taken from close of Dīvān on p.375] on repaired 'title page' (p.3) ; former inventory marks on back flyleaf ; on back inner flyleaf (p.384), stamp in name of James O'Kinealy (1837-1903), reads "J. O'KINEALY." in black ink ; fairly clean copy.</subfield></datafield><datafield tag="650" ind1=" " ind2="0"><subfield code="a">Manuscripts, Persian</subfield><subfield code="z">Michigan</subfield><subfield code="z">Ann Arbor.</subfield></datafield><datafield tag="650" ind1=" " ind2="0"><subfield code="a">Persian poetry</subfield><subfield code="y">1500-1796.</subfield></datafield><datafield tag="655" ind1=" " ind2="7"><subfield code="a">Headpieces (layout features)</subfield><subfield code="y">19th century.</subfield><subfield code="2">aat</subfield></datafield><datafield tag="700" ind1="1" ind2=" "><subfield code="a">Nuttall, Frank E.,</subfield><subfield code="d">1875-1943,</subfield><subfield code="e">former owner.</subfield></datafield><datafield tag="700" ind1="1" ind2=" "><subfield code="a">O'Kinealy, J.</subfield><subfield code="q">(James)</subfield><subfield code="e">former owner.</subfield></datafield><datafield tag="773" ind1="0" ind2=" "><subfield code="a">F. E. Nuttall Collection.</subfield></datafield><datafield tag="880" ind1="1" ind2="0"><subfield code="6">245-03/</subfield><subfield code="a">دیوان مشفقی بخاری,</subfield><subfield code="f">[قرن 17م؟].</subfield></datafield><datafield tag="880" ind1="1" ind2=" "><subfield code="6">100-01/</subfield><subfield code="a">مشفقى.</subfield></datafield><datafield tag="CID" ind1=" " ind2=" "><subfield code="a">006836750</subfield></datafield><datafield tag="DAT" ind1="0" ind2=" "><subfield code="a">20190719102641.0</subfield><subfield code="b">20190719000000.0</subfield></datafield><datafield tag="DAT" ind1="1" ind2=" "><subfield code="a">20190719090653.0</subfield><subfield code="b">2019-07-19T16:10:55Z</subfield></datafield><datafield tag="DAT" ind1="2" ind2=" "><subfield code="a">2015-10-02T18:00:03Z</subfield></datafield><datafield tag="CAT" ind1=" " ind2=" "><subfield code="a">SDR-MIU</subfield><subfield code="d">EX LIBRIS - ALEPH</subfield><subfield code="l">prepare.pl-004-008</subfield></datafield><datafield tag="FMT" ind1=" " ind2=" "><subfield code="a">BK</subfield></datafield><datafield tag="HOL" ind1=" " ind2=" "><subfield code="0">sdr-miu006836750</subfield><subfield code="a">MiU</subfield><subfield code="b">SDR</subfield><subfield code="c">MIU</subfield><subfield code="p">mdp.39015079132463</subfield><subfield code="s">MIU</subfield><subfield code="1">006836750</subfield></datafield><datafield tag="974" ind1=" " ind2=" "><subfield code="b">MIU</subfield><subfield code="c">MIU</subfield><subfield code="d">20190719</subfield><subfield code="s">lit-dlps-dc</subfield><subfield code="u">mdp.39015079132463</subfield><subfield code="y">1699</subfield><subfield code="r">pd</subfield><subfield code="q">bib</subfield><subfield code="t">non-US bib date1 &lt; 1896</subfield></datafield></record></collection>